@book{elasticsearch,
  title={Elasticsearch: The Definitive Guide},
  author={Gormley, Clinton and Tong, Zachary},
  year={2014},
  publisher={O'Reilly \& Associates}
}


@misc{lucene,
   title = {The Apache Jakarta Project},
   url = {http://lucene.apache.org/},
   note = "[Online; accessed 8-July-2015]"
 }


@misc{gitmerge,
   title = {Git Merge},
   url = {http://git-scm.com/docs/git-merge},
   note = "[Online; accessed 8-July-2015]"
 }


@article{garciamolina1982elections,
  author = {Garcia-Molina, H.},
  doi = {10.1109/TC.1982.1675885},
  interhash = {a5e9817f8abea507b42457299125576b},
  intrahash = {8d7fe93a4167f3e22b176b839434c841},
  issn = {0018-9340},
  journal = {Computers, IEEE Transactions on},
  keywords = {2012 algorithm bully master vsba},
  month = {jan. },
  number = 1,
  pages = {48 -59},
  title = {Elections in a Distributed Computing System},
  volume = {C-31},
  year = 1982
}

@misc{svn,
   title = {Apache Subversion},
   url = {https://subversion.apache.org/},
   note = "[Online; accessed 8-July-2015]"
 }


@misc{cvs,
   title = {Concurrent Version System},
   url = {http://www.nongnu.org/cvs/},
   note = "[Online; accessed 8-July-2015]"
 }

@misc{gitVersionControl,
   title = {Version Control In Git},
   url = {https://git-scm.com/book/en/v2/Getting-Started-About-Version-Control},
   note = "[Online; accessed 8-July-2015]"
 }

@misc{tamingTail,
   title = {Taming Long Tail},
   url = {http://highscalability.com/blog/2012/3/12/google-taming-the-long-latency-tail-when-more-machines-equal.html},
   note = "[Online; accessed 8-July-2015]"
 }

@misc{jeffDean,
   title = {Achieving Rapid Response Times in Large Online Services},
   url = {http://research.google.com/people/jeff/latency.html},
   note = "[Online; accessed 8-July-2015]"
 }

@misc{googleArchitecture,
   title = {THE GOOGLE CLUSTER ARCHITECTURE},
   url = {http://static.googleusercontent.com/media/research.google.com/en//archive/googlecluster-ieee.pdf},
   note = "[Online; accessed 8-July-2015]"
 }


@misc{solr,
   title = {Apache Solr},
   url = {http://lucene.apache.org/solr/},
   note = "[Online; accessed 8-July-2015]"
 }

@article{Cassandra,
 author = {Lakshman, Avinash and Malik, Prashant},
 title = {Cassandra: A Decentralized Structured Storage System},
 journal = {SIGOPS Oper. Syst. Rev.},
 issue_date = {April 2010},
 volume = {44},
 number = {2},
 month = apr,
 year = {2010},
 issn = {0163-5980},
 pages = {35--40},
 numpages = {6},
 url = {http://doi.acm.org/10.1145/1773912.1773922},
 doi = {10.1145/1773912.1773922},
 acmid = {1773922},
 publisher = {ACM},
 address = {New York, NY, USA}
}

@inproceedings{croupier,
  added-at = {2014-12-11T00:00:00.000+0100},
  author = {Dowling, Jim and Payberah, Amir H.},
  biburl = {http://www.bibsonomy.org/bibtex/2ac8ad99c45e4000812565fef6b6fa5b0/dblp},
  booktitle = {ICDCS},
  ee = {http://doi.ieeecomputersociety.org/10.1109/ICDCS.2012.19},
  interhash = {131fcbe19bb41b41242323ba8d2e6c4a},
  intrahash = {ac8ad99c45e4000812565fef6b6fa5b0},
  isbn = {978-1-4577-0295-2},
  keywords = {dblp},
  pages = {102-111},
  publisher = {IEEE Computer Society},
  timestamp = {2015-04-28T17:53:26.000+0200},
  title = {Shuffling with a Croupier: Nat-Aware Peer-Sampling.},
  url = {http://dblp.uni-trier.de/db/conf/icdcs/icdcs2012.html#DowlingP12},
  year = 2012
}

@inproceedings{samplingService,
 author = {Jelasity, M\'{a}rk and Guerraoui, Rachid and Kermarrec, Anne-Marie and van Steen, Maarten},
 title = {The Peer Sampling Service: Experimental Evaluation of Unstructured Gossip-based Implementations},
 booktitle = {Proceedings of the 5th ACM/IFIP/USENIX International Conference on Middleware},
 series = {Middleware '04},
 year = {2004},
 isbn = {3-540-23428-4},
 location = {Toronto, Canada},
 pages = {79--98},
 numpages = {20},
 url = {http://dl.acm.org/citation.cfm?id=1045658.1045666},
 acmid = {1045666},
 publisher = {Springer-Verlag New York, Inc.},
 address = {New York, NY, USA},
}

@book{guerraoui,
	Author = {Cachin, Christian and Guerraoui, Rachid and Rodrigues, Lus},
	Date-Modified = {2015-05-02 11:36:59 +0000},
	Edition = {2nd},
	Isbn = {3642152597, 9783642152597},
	Publisher = {Springer Publishing Company, Incorporated},
	Title = {Introduction to Reliable and Secure Distributed Programming},
	Year = {2011}
}


@inproceedings{sacha2006discovery,
  title={Discovery of stable peers in a self-organising peer-to-peer gradient topology},
  author={Sacha, Jan and Dowling, Jim and Cunningham, Raymond and Meier, Ren{\'e}},
  booktitle={Distributed Applications and Interoperable Systems},
  pages={70--83},
  year={2006},
  organization={Springer}
}


@article{dean13,
 author = {Dean, Jeffrey and Barroso, Luiz Andr{\'e}},
 title = {The Tail at Scale},
 journal = {Commun. ACM},
 issue_date = {February 2013},
 volume = {56},
 number = {2},
 month = feb,
 year = {2013},
 issn = {0001-0782},
 pages = {74--80},
 numpages = {7},
 url = {http://doi.acm.org/10.1145/2408776.2408794},
 doi = {10.1145/2408776.2408794},
 acmid = {2408794},
 publisher = {ACM},
 address = {New York, NY, USA},
}

@article{dynamo,
 author = {DeCandia, Giuseppe and Hastorun, Deniz and Jampani, Madan and Kakulapati, Gunavardhan and Lakshman, Avinash and Pilchin, Alex and Sivasubramanian, Swaminathan and Vosshall, Peter and Vogels, Werner},
 title = {Dynamo: Amazon's Highly Available Key-value Store},
 journal = {SIGOPS Oper. Syst. Rev.},
 issue_date = {December 2007},
 volume = {41},
 number = {6},
 month = oct,
 year = {2007},
 issn = {0163-5980},
 pages = {205--220},
 numpages = {16},
 url = {http://doi.acm.org/10.1145/1323293.1294281},
 doi = {10.1145/1323293.1294281},
 acmid = {1294281},
 publisher = {ACM},
 address = {New York, NY, USA},
 keywords = {performance, reliability, scalability},
}



@inproceedings{van1998gossip,
  title={A gossip-style failure detection service},
  author={Van Renesse, Robbert and Minsky, Yaron and Hayden, Mark},
  booktitle={Middlewareâ€™98},
  pages={55--70},
  year={1998},
  organization={Springer}
}

@inproceedings{gradientConvergence,
  author    = {H{\aa}kan Terelius and
               Guodong Shi and
               Jim Dowling and
               Amir H. Payberah and
               Ather Gattami and
               Karl Henrik Johansson},
  title     = {Converging an overlay network to a Gradient topology},
  booktitle = {Proceedings of the 50th {IEEE} Conference on Decision and Control
               and European Control Conference, {CDC-ECC} 2011, Orlando, FL, USA,
               December 12-15, 2011},
  pages     = {7230--7235},
  year      = {2011},
  url       = {http://dx.doi.org/10.1109/CDC.2011.6161194},
  doi       = {10.1109/CDC.2011.6161194},
  timestamp = {Fri, 09 Mar 2012 10:55:13 +0100},
  biburl    = {http://dblp.uni-trier.de/rec/bib/conf/cdc/TereliusSDPGJ11},
  bibsource = {dblp computer science bibliography, http://dblp.org}
}

@inproceedings{kompics,
 author = {Arad, Cosmin and Dowling, Jim and Haridi, Seif},
 title = {Message-passing Concurrency for Scalable, Stateful, Reconfigurable Middleware},
 booktitle = {Proceedings of the 13th International Middleware Conference},
 series = {Middleware '12},
 year = {2012},
 isbn = {978-3-642-35169-3},
 location = {ontreal, Quebec, Canada},
 pages = {208--228},
 numpages = {21},
 url = {http://dl.acm.org/citation.cfm?id=2442626.2442640},
 acmid = {2442640},
 publisher = {Springer-Verlag New York, Inc.},
 address = {New York, NY, USA},
 keywords = {component model, compositional concurrency, distributed systems architecture, dynamic reconfiguration, message-passing, multi-core execution, reproducible simulation},
}


@article{bully,
  title={Elections in a distributed computing system},
  author={Garcia-Molina, Hector},
  journal={Computers, IEEE Transactions on},
  volume={100},
  number={1},
  pages={48--59},
  year={1982},
  publisher={IEEE}
}

@article{lamportPaxos,
  title={Paxos made simple},
  author={Lamport, Leslie},
  journal={ACM Sigact News},
  volume={32},
  number={4},
  pages={18--25},
  year={2001}
}


@InProceedings{crdt,
  author = 	 {Marc Shapiro and Nuno Pregui{\c c}a and Carlos Baquero
                  and Marek Zawirski},
  title = 	 {Conflict-free Replicated Data Types},
  booktitle = 	 sss,
  year = 	 2011,
  editor = 	 {Xavier D{\'e}fago and Franck Petit and V. Villain},
  volume = 	 6976,
  series = 	 lncs,
  pages = 	 {386--400},
  address = 	 {Grenoble, France},
  month = 	 oct,
  publisher = springer,
  local-url = {./papers/CRDTs_SSS-2011.pdf},
  doi =          {10.1007/978-3-642-24550-3_29},
  url =          {http://www.springerlink.com/content/3rg39l2287330370/},
  url = 	 {http://lip6.fr/Marc.Shapiro/papers/CRDTs_SSS-2011.pdf},
}


@TechReport{crdtConcurrencyWithoutControl,
Keywords =	 {alg,rep},
  author =	 {Mihai Le{\c t}ia and Nuno Pregui{\c c}a
                  and Marc Shapiro},
  title =	 {{CRDTs}: Consistency without concurrency control},
  institution =	 inria,
  year =	 2009,
  type =	 rr,
  number =	 {RR-6956},
  address =	 rocq,
  month =	 jun,
  local-url =  	 {./papers/RR-6956.pdf},
  url =		 {http://hal.inria.fr/inria-00397981/},
  url =  	 {http://lip6.fr/Marc.Shapiro/papers/RR-6956.pdf},
  x-pays =       {PT, ES}
}

@inproceedings{brewer,
 author = {Brewer, Eric A.},
 title = {Towards Robust Distributed Systems (Abstract)},
 booktitle = {Proceedings of the Nineteenth Annual ACM Symposium on Principles of Distributed Computing},
 series = {PODC '00},
 year = {2000},
 isbn = {1-58113-183-6},
 location = {Portland, Oregon, USA},
 pages = {7--},
 url = {http://doi.acm.org/10.1145/343477.343502},
 doi = {10.1145/343477.343502},
 acmid = {343502},
 publisher = {ACM},
 address = {New York, NY, USA},
}

@incollection{tMan,
year={2006},
isbn={978-3-540-33342-5},
booktitle={Engineering Self-Organising Systems},
volume={3910},
series={Lecture Notes in Computer Science},
editor={Brueckner, SvenA. and Di Marzo Serugendo, Giovanna and Hales, David and Zambonelli, Franco},
doi={10.1007/11734697_1},
title={T-Man: Gossip-Based Overlay Topology Management},
url={http://dx.doi.org/10.1007/11734697_1},
publisher={Springer Berlin Heidelberg},
author={Jelasity, MÃ¡rk and Babaoglu, Ozalp},
pages={1-15},
language={English}
}